[gd_scene load_steps=13 format=2]

[ext_resource path="res://plugins/boards/test/board.gd" type="Script" id=1]
[ext_resource path="res://scenes/board_logic/player_board/player_board.tscn" type="PackedScene" id=2]
[ext_resource path="res://scenes/board_logic/controller/controller.tscn" type="PackedScene" id=3]
[ext_resource path="res://scenes/board_logic/node/node.tscn" type="PackedScene" id=4]
[ext_resource path="res://assets/models/bridge/bridge_mesh.obj" type="ArrayMesh" id=5]
[ext_resource path="res://assets/models/bridge/bridge_diffuse.png" type="Texture" id=6]
[ext_resource path="res://assets/models/still_water/water_material.tres" type="Material" id=7]
[ext_resource path="res://plugins/boards/test/islands/island1.dae" type="PackedScene" id=8]
[ext_resource path="res://plugins/boards/test/islands/island2.dae" type="PackedScene" id=9]
[ext_resource path="res://assets/music/boards/test board bgm.wav" type="AudioStream" id=10]

[sub_resource type="SpatialMaterial" id=1]
albedo_texture = ExtResource( 6 )
roughness = 0.0

[sub_resource type="PlaneMesh" id=2]
size = Vector2( 100, 100 )

[node name="Board" type="Spatial"]
script = ExtResource( 1 )

[node name="Player1" parent="." instance=ExtResource( 2 )]
transform = Transform( 1, 0, 0, 0, 1, 0, 0, 0, 1, 0, 0.25, -0.75 )

[node name="Player2" parent="." instance=ExtResource( 2 )]
transform = Transform( 1, 0, 0, 0, 1, 0, 0, 0, 1, 0.75, 0.25, 0 )

[node name="Player3" parent="." instance=ExtResource( 2 )]
transform = Transform( 1, 0, 0, 0, 1, 0, 0, 0, 1, 0, 0.25, 0.75 )

[node name="Player4" parent="." instance=ExtResource( 2 )]
transform = Transform( 1, 0, 0, 0, 1, 0, 0, 0, 1, -0.75, 0.25, 0 )

[node name="Controller" parent="." instance=ExtResource( 3 )]
COOKIES_FOR_CAKE = 20
start_node = NodePath("../Nodes/Node1")

[node name="Sun" type="DirectionalLight" parent="."]
transform = Transform( 0.642788, 0.627507, -0.439385, 0, 0.573576, 0.819152, 0.766044, -0.526541, 0.368688, -6, 4, 3 )
shadow_enabled = true

[node name="Nodes" type="Spatial" parent="."]

[node name="Node1" parent="Nodes" instance=ExtResource( 4 )]
transform = Transform( 1, 0, 0, 0, 1, 0, 0, 0, 1, -0.0137796, -0.0109558, 0.0186167 )
next_nodes = [ NodePath("../Node2") ]
prev_nodes = [ NodePath("../Node25") ]
amount_of_items_sold = 4

[node name="Node2" parent="Nodes" instance=ExtResource( 4 )]
transform = Transform( 1, 0, 0, 0, 1, 0, 0, 0, 1, 0, 0, 3 )
type = 1
next_nodes = [ NodePath("../Node3") ]
prev_nodes = [ NodePath("../Node1") ]
amount_of_items_sold = 4

[node name="Node3" parent="Nodes" instance=ExtResource( 4 )]
transform = Transform( 1, 0, 0, 0, 1, 0, 0, 0, 1, 3, 0, 3 )
next_nodes = [ NodePath("../Node4") ]
prev_nodes = [ NodePath("../Node2") ]
amount_of_items_sold = 4

[node name="Node4" parent="Nodes" instance=ExtResource( 4 )]
transform = Transform( 1, 0, 0, 0, 1, 0, 0, 0, 1, 6, 0, 3 )
type = 3
next_nodes = [ NodePath("../Node5") ]
prev_nodes = [ NodePath("../Node3") ]
amount_of_items_sold = 4

[node name="Node5" parent="Nodes" instance=ExtResource( 4 )]
transform = Transform( 1, 0, 0, 0, 1, 0, 0, 0, 1, 6.09936, 0, 0 )
next_nodes = [ NodePath("../Node6") ]
prev_nodes = [ NodePath("../Node4") ]
amount_of_items_sold = 4

[node name="Node6" parent="Nodes" instance=ExtResource( 4 )]
transform = Transform( 1, 0, 0, 0, 1, 0, 0, 0, 1, 9.0758, 0.0101128, -0.0186749 )
type = 2
next_nodes = [ NodePath("../Node7") ]
prev_nodes = [ NodePath("../Node5") ]
amount_of_items_sold = 4

[node name="Node7" parent="Nodes" instance=ExtResource( 4 )]
transform = Transform( 1, 0, 0, 0, 1, 0, 0, 0, 1, 12.0994, 0, 0 )
next_nodes = [ NodePath("../Node8") ]
prev_nodes = [ NodePath("../Node6") ]
amount_of_items_sold = 4

[node name="Node8" parent="Nodes" instance=ExtResource( 4 )]
transform = Transform( 1, 0, 0, 0, 1, 0, 0, 0, 1, 15.0994, 0, 0 )
type = 4
next_nodes = [ NodePath("../Node9") ]
prev_nodes = [ NodePath("../Node7") ]

[node name="Node9" parent="Nodes" instance=ExtResource( 4 )]
transform = Transform( 1, 0, 0, 0, 1, 0, 0, 0, 1, 18.0994, 0, -2 )
next_nodes = [ NodePath("../Node10") ]
prev_nodes = [ NodePath("../Node8") ]
amount_of_items_sold = 4

[node name="Node10" parent="Nodes" instance=ExtResource( 4 )]
transform = Transform( 1, 0, 0, 0, 1, 0, 0, 0, 1, 21.0994, 0, -4 )
type = 1
next_nodes = [ NodePath("../Node11"), NodePath("../Node31") ]
prev_nodes = [ NodePath("../Node9") ]
amount_of_items_sold = 4

[node name="Node11" parent="Nodes" instance=ExtResource( 4 )]
transform = Transform( 1, 0, 0, 0, 1, 0, 0, 0, 1, 22.0994, 0, -0.209747 )
next_nodes = [ NodePath("../Node12") ]
prev_nodes = [ NodePath("../Node10") ]
amount_of_items_sold = 4

[node name="Node12" parent="Nodes" instance=ExtResource( 4 )]
transform = Transform( 1, 0, 0, 0, 1, 0, 0, 0, 1, 22.0994, 0, 4.26378 )
type = 1
next_nodes = [ NodePath("../Node13") ]
prev_nodes = [ NodePath("../Node11") ]
amount_of_items_sold = 4

[node name="Node13" parent="Nodes" instance=ExtResource( 4 )]
transform = Transform( 1, 0, 0, 0, 1, 0, 0, 0, 1, 23.2557, 0, 7.98859 )
type = 3
next_nodes = [ NodePath("../Node14") ]
prev_nodes = [ NodePath("../Node12"), NodePath("../Node34") ]
amount_of_items_sold = 4

[node name="Node14" parent="Nodes" instance=ExtResource( 4 )]
transform = Transform( 1, 0, 0, 0, 1, 0, 0, 0, 1, 19.9715, 0, 9.98185 )
next_nodes = [ NodePath("../Node15") ]
prev_nodes = [ NodePath("../Node13") ]
amount_of_items_sold = 4

[node name="Node15" parent="Nodes" instance=ExtResource( 4 )]
transform = Transform( 1, 0, 0, 0, 1, 0, 0, 0, 1, 16.0994, 0, 8 )
type = 2
next_nodes = [ NodePath("../Node16") ]
prev_nodes = [ NodePath("../Node14") ]
amount_of_items_sold = 4

[node name="Node16" parent="Nodes" instance=ExtResource( 4 )]
transform = Transform( 1, 0, 0, 0, 1, 0, 0, 0, 1, 13.0994, 0, 8 )
type = 6
next_nodes = [ NodePath("../Node17") ]
prev_nodes = [ NodePath("../Node15") ]
amount_of_items_sold = 4

[node name="Node17" parent="Nodes" instance=ExtResource( 4 )]
transform = Transform( 1, 0, 0, 0, 1, 0, 0, 0, 1, 10.0994, 0, 10 )
type = 1
next_nodes = [ NodePath("../Node18") ]
prev_nodes = [ NodePath("../Node16") ]
amount_of_items_sold = 4

[node name="Node18" parent="Nodes" instance=ExtResource( 4 )]
transform = Transform( 1, 0, 0, 0, 1, 0, 0, 0, 1, 7.0994, 0, 10 )
potential_cake = true
next_nodes = [ NodePath("../Node19") ]
prev_nodes = [ NodePath("../Node17") ]
amount_of_items_sold = 4

[node name="Node19" parent="Nodes" instance=ExtResource( 4 )]
transform = Transform( 1, 0, 0, 0, 1, 0, 0, 0, 1, 4.0994, 0, 10 )
type = 2
next_nodes = [ NodePath("../Node20") ]
prev_nodes = [ NodePath("../Node18") ]
amount_of_items_sold = 4

[node name="Node20" parent="Nodes" instance=ExtResource( 4 )]
transform = Transform( 1, 0, 0, 0, 1, 0, 0, 0, 1, 1.0994, 0, 10 )
next_nodes = [ NodePath("../Node21") ]
prev_nodes = [ NodePath("../Node19") ]
amount_of_items_sold = 4

[node name="Node21" parent="Nodes" instance=ExtResource( 4 )]
transform = Transform( 1, 0, 0, 0, 1, 0, 0, 0, 1, -1.9006, 0, 10 )
type = 1
next_nodes = [ NodePath("../Node22") ]
prev_nodes = [ NodePath("../Node20") ]
amount_of_items_sold = 4

[node name="Node22" parent="Nodes" instance=ExtResource( 4 )]
transform = Transform( 1, 0, 0, 0, 1, 0, 0, 0, 1, -3.9006, 0, 7 )
next_nodes = [ NodePath("../Node23") ]
prev_nodes = [ NodePath("../Node21") ]
amount_of_items_sold = 4

[node name="Node23" parent="Nodes" instance=ExtResource( 4 )]
transform = Transform( 0.999882, -0.0153777, 0, 0.0153777, 0.999882, 0, 0, 0, 1, -3.9006, 0, 3 )
type = 1
next_nodes = [ NodePath("../Node24") ]
prev_nodes = [ NodePath("../Node22") ]
amount_of_items_sold = 4

[node name="Node24" parent="Nodes" instance=ExtResource( 4 )]
transform = Transform( 1, 0, 0, 0, 1, 0, 0, 0, 1, -3.9006, 0, -1 )
next_nodes = [ NodePath("../Node25") ]
prev_nodes = [ NodePath("../Node23") ]
amount_of_items_sold = 4

[node name="Node25" parent="Nodes" instance=ExtResource( 4 )]
transform = Transform( 1, 0, 0, 0, 1, 0, 0, 0, 1, -1.99221, 0, -2.77292 )
type = 2
next_nodes = [ NodePath("../Node1") ]
prev_nodes = [ NodePath("../Node24") ]
amount_of_items_sold = 4

[node name="Node26" parent="Nodes" instance=ExtResource( 4 )]
transform = Transform( 1, 0, 0, 0, 1, 0, 0, 0, 1, 4.35316, 4.76837e-07, -10.0742 )
type = 2
next_nodes = [ NodePath("../Node27") ]
prev_nodes = [ NodePath("../Node30") ]
amount_of_items_sold = 4

[node name="Node27" parent="Nodes" instance=ExtResource( 4 )]
transform = Transform( 1, 0, 0, 0, 1, 0, 0, 0, 1, 10.085, 0, -9.34553 )
type = 2
next_nodes = [ NodePath("../Node28") ]
prev_nodes = [ NodePath("../Node26") ]
amount_of_items_sold = 4

[node name="Node28" parent="Nodes" instance=ExtResource( 4 )]
transform = Transform( 1, 0, 0, 0, 1, 0, 0, 0, 1, 14.1528, 0, -11.1831 )
next_nodes = [ NodePath("../Node29") ]
prev_nodes = [ NodePath("../Node27") ]
amount_of_items_sold = 4

[node name="Node29" parent="Nodes" instance=ExtResource( 4 )]
transform = Transform( 1, 0, 0, 0, 1, 0, 0, 0, 1, 18.5293, 0, -14.2707 )
type = 2
next_nodes = [ NodePath("../Node36") ]
prev_nodes = [ NodePath("../Node28") ]
amount_of_items_sold = 4

[node name="Node30" parent="Nodes" instance=ExtResource( 4 )]
transform = Transform( 1, 0, 0, 0, 1, 0, 0, 0, 1, 1.78371, 0, -15.0823 )
type = 1
next_nodes = [ NodePath("../Node26") ]
prev_nodes = [ NodePath("../Node40") ]
amount_of_items_sold = 4

[node name="Node31" parent="Nodes" instance=ExtResource( 4 )]
transform = Transform( 1, 0, 0, 0, 1, 0, 0, 0, 1, 23.9085, 0, -6.52955 )
type = 2
next_nodes = [ NodePath("../Node35") ]
prev_nodes = [ NodePath("../Node10") ]
amount_of_items_sold = 4

[node name="Node32" parent="Nodes" instance=ExtResource( 4 )]
transform = Transform( 1, 0, 0, 0, 1, 0, 0, 0, 1, 30.0427, 0, -3.00452 )
type = 3
next_nodes = [ NodePath("../Node33") ]
prev_nodes = [ NodePath("../Node35") ]
amount_of_items_sold = 4

[node name="Node33" parent="Nodes" instance=ExtResource( 4 )]
transform = Transform( 1, 0, 0, 0, 1, 0, 0, 0, 1, 30.9324, 0, 1.40589 )
potential_cake = true
next_nodes = [ NodePath("../Node34") ]
prev_nodes = [ NodePath("../Node32") ]
amount_of_items_sold = 4

[node name="Node34" parent="Nodes" instance=ExtResource( 4 )]
transform = Transform( 1, 0, 0, 0, 1, 0, 0, 0, 1, 27.5561, 0, 6.43954 )
next_nodes = [ NodePath("../Node13") ]
prev_nodes = [ NodePath("../Node33") ]
amount_of_items_sold = 4

[node name="Node35" parent="Nodes" instance=ExtResource( 4 )]
transform = Transform( 1, 0, 0, 0, 1, 0, 0, 0, 1, 26.9924, 0, -6.83956 )
next_nodes = [ NodePath("../Node32") ]
prev_nodes = [ NodePath("../Node31") ]
amount_of_items_sold = 4

[node name="Node36" parent="Nodes" instance=ExtResource( 4 )]
transform = Transform( 1, 0, 0, 0, 1, 0, 0, 0, 1, 18.2181, 0, -19.9082 )
type = 6
next_nodes = [ NodePath("../Node37") ]
prev_nodes = [ NodePath("../Node29") ]
amount_of_items_sold = 4

[node name="Node37" parent="Nodes" instance=ExtResource( 4 )]
transform = Transform( 1, 0, 0, 0, 1, 0, 0, 0, 1, 15.7717, 0, -25.8281 )
next_nodes = [ NodePath("../Node38") ]
prev_nodes = [ NodePath("../Node36") ]
amount_of_items_sold = 4

[node name="Node38" parent="Nodes" instance=ExtResource( 4 )]
transform = Transform( 1, 0, 0, 0, 1, 0, 0, 0, 1, 10.9797, 0, -28.7061 )
type = 1
next_nodes = [ NodePath("../Node39") ]
prev_nodes = [ NodePath("../Node37") ]
amount_of_items_sold = 4

[node name="Node39" parent="Nodes" instance=ExtResource( 4 )]
transform = Transform( 1, 0, 0, 0, 1, 0, 0, 0, 1, 4.46914, 0, -25.1057 )
potential_cake = true
next_nodes = [ NodePath("../Node40") ]
prev_nodes = [ NodePath("../Node38") ]
amount_of_items_sold = 4

[node name="Node40" parent="Nodes" instance=ExtResource( 4 )]
transform = Transform( 1, 0, 0, 0, 1, 0, 0, 0, 1, 1.29244, 0, -20.0554 )
next_nodes = [ NodePath("../Node30") ]
prev_nodes = [ NodePath("../Node39") ]
amount_of_items_sold = 4

[node name="Node41" parent="Nodes" instance=ExtResource( 4 )]
transform = Transform( 1, 0, 0, 0, 1, 0, 0, 0, 1, 4.10939, 0, 20.0415 )
type = 2
next_nodes = [ NodePath("../Node42") ]
prev_nodes = [ NodePath("../Node50") ]
amount_of_items_sold = 4

[node name="Node42" parent="Nodes" instance=ExtResource( 4 )]
transform = Transform( 1, 0, 0, 0, 1, 0, 0, 0, 1, 0, 0, 22.8807 )
next_nodes = [ NodePath("../Node43") ]
prev_nodes = [ NodePath("../Node41") ]
amount_of_items_sold = 4

[node name="Node43" parent="Nodes" instance=ExtResource( 4 )]
transform = Transform( 1, 0, 0, 0, 1, 0, 0, 0, 1, 0, 0, 27.5495 )
next_nodes = [ NodePath("../Node44") ]
prev_nodes = [ NodePath("../Node42") ]
amount_of_items_sold = 4

[node name="Node44" parent="Nodes" instance=ExtResource( 4 )]
transform = Transform( 1, 0, 0, 0, 1, 0, 0, 0, 1, 2.77932, 0, 31.9889 )
type = 1
next_nodes = [ NodePath("../Node45") ]
prev_nodes = [ NodePath("../Node43") ]
amount_of_items_sold = 4

[node name="Node45" parent="Nodes" instance=ExtResource( 4 )]
transform = Transform( 1, 0, 0, 0, 1, 0, 0, 0, 1, 7.37058, 0, 35.0633 )
potential_cake = true
next_nodes = [ NodePath("../Node46") ]
prev_nodes = [ NodePath("../Node44") ]
amount_of_items_sold = 4

[node name="Node46" parent="Nodes" instance=ExtResource( 4 )]
transform = Transform( 1, 0, 0, 0, 1, 0, 0, 0, 1, 12.8528, 0, 34.9371 )
next_nodes = [ NodePath("../Node47") ]
prev_nodes = [ NodePath("../Node45") ]
amount_of_items_sold = 4

[node name="Node47" parent="Nodes" instance=ExtResource( 4 )]
transform = Transform( 1, 0, 0, 0, 1, 0, 0, 0, 1, 17.2767, 0, 32.8501 )
type = 1
next_nodes = [ NodePath("../Node48") ]
prev_nodes = [ NodePath("../Node46") ]
amount_of_items_sold = 4

[node name="Node48" parent="Nodes" instance=ExtResource( 4 )]
transform = Transform( 0.999912, 0, 0.0132474, 0, 1, 0, -0.0132474, 0, 0.999912, 19.2568, 0, 28.4806 )
next_nodes = [ NodePath("../Node49") ]
prev_nodes = [ NodePath("../Node47") ]
amount_of_items_sold = 4

[node name="Node49" parent="Nodes" instance=ExtResource( 4 )]
transform = Transform( 1, 0, 0, 0, 1, 0, 0, 0, 1, 18.0498, 0, 22.9917 )
next_nodes = [ NodePath("../Node50") ]
prev_nodes = [ NodePath("../Node48") ]
amount_of_items_sold = 4

[node name="Node50" parent="Nodes" instance=ExtResource( 4 )]
transform = Transform( 1, 0, 0, 0, 1, 0, 0, 0, 1, 14.0554, 0, 18.1241 )
type = 2
next_nodes = [ NodePath("../Node41") ]
prev_nodes = [ NodePath("../Node49") ]
amount_of_items_sold = 4

[node name="Landscape" type="Spatial" parent="."]

[node name="Bridge1" type="MeshInstance" parent="Landscape"]
transform = Transform( 0.752206, 0, -0.658929, 0, 1, 0, 0.658929, 0, 0.752206, 1.22172, 0.208714, -6.42729 )
mesh = ExtResource( 5 )
material/0 = SubResource( 1 )

[node name="Bridge2" type="MeshInstance" parent="Landscape"]
transform = Transform( 0.994198, 0, -0.107569, 0, 1, 0, 0.107569, 0, 0.994198, 9.63905, 0.285242, -4.73589 )
mesh = ExtResource( 5 )
material/0 = SubResource( 1 )

[node name="Bridge3" type="MeshInstance" parent="Landscape"]
transform = Transform( 0.824395, 0, 0.566015, 0, 1, 0, -0.566015, 0, 0.824395, 21.2775, 0.208714, -10.4172 )
mesh = ExtResource( 5 )
material/0 = SubResource( 1 )

[node name="Water" type="MeshInstance" parent="Landscape"]
transform = Transform( 1, 0, 0, 0, 1, 0, 0, 0, 1, 10, -0.25, -5 )
mesh = SubResource( 2 )
material/0 = ExtResource( 7 )

[node name="Island1" parent="Landscape" instance=ExtResource( 8 )]
transform = Transform( -1.5, 0, -4.88762e-07, 0, 1.5, 0, 4.88762e-07, 0, -1.5, 9.87409, -0.25, -18.8832 )

[node name="Bridge4" type="MeshInstance" parent="Landscape"]
transform = Transform( 1, 0, 0, 0, 1, 0, 0, 0, 1, 4.12572, 0.208714, 14.9763 )
mesh = ExtResource( 5 )
material/0 = SubResource( 1 )

[node name="Bridge5" type="MeshInstance" parent="Landscape"]
transform = Transform( 0.981921, 0, -0.189293, 0, 1, 0, 0.189293, 0, 0.981921, 15.1569, 0.25, 12.9853 )
mesh = ExtResource( 5 )
material/0 = SubResource( 1 )

[node name="Island3" parent="Landscape" instance=ExtResource( 8 )]
transform = Transform( -2.44381e-07, 0, -1.5, 0, 1.5, 0, 1.5, 0, -2.44381e-07, 9.8741, -0.25, 26.5222 )

[node name="Island2" parent="Landscape" instance=ExtResource( 9 )]
transform = Transform( 1.75, 0, 0, 0, 1.75, 0, 0, 0, 1.75, 3.39241, -0.463469, 1.35096 )

[node name="AudioStreamPlayer" type="AudioStreamPlayer" parent="."]
pause_mode = 2
stream = ExtResource( 10 )
autoplay = true
[connection signal="trigger_event" from="Controller" to="." method="handle_event"]
