[gd_scene load_steps=13 format=2]

[ext_resource path="res://scenes/board_logic/controller/shop.gd" type="Script" id=1]
[ext_resource path="res://assets/shaders/outline.shader" type="Shader" id=2]
[ext_resource path="res://assets/fonts/button_font.tres" type="DynamicFont" id=3]
[ext_resource path="res://scenes/board_logic/controller/icons/cookie.png" type="Texture" id=4]

[sub_resource type="ShaderMaterial" id=1]
shader = ExtResource( 2 )
shader_param/width = 5.0
shader_param/outline_color = Color( 1, 1, 1, 1 )
shader_param/enable_shader = false

[sub_resource type="ShaderMaterial" id=2]
shader = ExtResource( 2 )
shader_param/width = 5.0
shader_param/outline_color = Color( 1, 1, 1, 1 )
shader_param/enable_shader = false

[sub_resource type="ShaderMaterial" id=3]
shader = ExtResource( 2 )
shader_param/width = 5.0
shader_param/outline_color = Color( 1, 1, 1, 1 )
shader_param/enable_shader = false

[sub_resource type="ShaderMaterial" id=4]
shader = ExtResource( 2 )
shader_param/width = 5.0
shader_param/outline_color = Color( 1, 1, 1, 1 )
shader_param/enable_shader = false

[sub_resource type="ShaderMaterial" id=5]
shader = ExtResource( 2 )
shader_param/width = 5.0
shader_param/outline_color = Color( 1, 1, 1, 1 )
shader_param/enable_shader = false

[sub_resource type="ShaderMaterial" id=6]
shader = ExtResource( 2 )
shader_param/width = 5.0
shader_param/outline_color = Color( 1, 1, 1, 1 )
shader_param/enable_shader = false

[sub_resource type="ShaderMaterial" id=7]
shader = ExtResource( 2 )
shader_param/width = 5.0
shader_param/outline_color = Color( 1, 1, 1, 1 )
shader_param/enable_shader = false

[sub_resource type="ShaderMaterial" id=8]
shader = ExtResource( 2 )
shader_param/width = 5.0
shader_param/outline_color = Color( 1, 1, 1, 1 )
shader_param/enable_shader = false

[node name="Shop" type="Control"]
visible = false
anchor_right = 1.0
anchor_bottom = 1.0
script = ExtResource( 1 )

[node name="Item1" type="VBoxContainer" parent="."]
editor/display_folded = true
anchor_left = 0.5
anchor_top = 0.5
anchor_right = 0.5
anchor_bottom = 0.5
margin_left = -322.0
margin_top = -210.0
margin_right = -190.0
margin_bottom = -46.0

[node name="Image" type="TextureButton" parent="Item1"]
material = SubResource( 1 )
margin_right = 132.0
margin_bottom = 128.0
rect_min_size = Vector2( 128, 128 )
focus_neighbour_left = NodePath("../../Item4/Image")
focus_neighbour_top = NodePath("../../Back")
focus_neighbour_right = NodePath("../../Item2/Image")
focus_neighbour_bottom = NodePath("../../Item5/Image")
focus_next = NodePath("../../Item2/Image")
focus_previous = NodePath("../../Back")
expand = true

[node name="Cost" type="HBoxContainer" parent="Item1"]
editor/display_folded = true
margin_top = 132.0
margin_right = 132.0
margin_bottom = 164.0

[node name="Amount" type="Label" parent="Item1/Cost"]
editor/display_folded = true
margin_top = 1.0
margin_right = 96.0
margin_bottom = 30.0
rect_min_size = Vector2( 96, 0 )
custom_fonts/font = ExtResource( 3 )
align = 2

[node name="Panel" type="Panel" parent="Item1/Cost/Amount"]
show_behind_parent = true
margin_top = -1.0
margin_right = 132.0
margin_bottom = 31.0

[node name="Currency" type="TextureRect" parent="Item1/Cost"]
margin_left = 100.0
margin_right = 132.0
margin_bottom = 32.0
texture = ExtResource( 4 )

[node name="Item2" type="VBoxContainer" parent="."]
editor/display_folded = true
anchor_left = 0.5
anchor_top = 0.5
anchor_right = 0.5
anchor_bottom = 0.5
margin_left = -156.0
margin_top = -210.0
margin_right = -24.0
margin_bottom = -46.0

[node name="Image" type="TextureButton" parent="Item2"]
material = SubResource( 2 )
margin_right = 132.0
margin_bottom = 128.0
rect_min_size = Vector2( 128, 128 )
focus_neighbour_left = NodePath("../../Item1/Image")
focus_neighbour_top = NodePath("../../Back")
focus_neighbour_right = NodePath("../../Item3/Image")
focus_neighbour_bottom = NodePath("../../Item6/Image")
focus_next = NodePath("../../Item3/Image")
focus_previous = NodePath("../../Item1/Image")
expand = true

[node name="Cost" type="HBoxContainer" parent="Item2"]
editor/display_folded = true
margin_top = 132.0
margin_right = 132.0
margin_bottom = 164.0

[node name="Amount" type="Label" parent="Item2/Cost"]
editor/display_folded = true
margin_top = 1.0
margin_right = 96.0
margin_bottom = 30.0
rect_min_size = Vector2( 96, 0 )
custom_fonts/font = ExtResource( 3 )
align = 2

[node name="Panel" type="Panel" parent="Item2/Cost/Amount"]
show_behind_parent = true
margin_top = -1.0
margin_right = 132.0
margin_bottom = 31.0

[node name="Currency" type="TextureRect" parent="Item2/Cost"]
margin_left = 100.0
margin_right = 132.0
margin_bottom = 32.0
texture = ExtResource( 4 )

[node name="Item3" type="VBoxContainer" parent="."]
editor/display_folded = true
anchor_left = 0.5
anchor_top = 0.5
anchor_right = 0.5
anchor_bottom = 0.5
margin_left = 24.0
margin_top = -210.0
margin_right = 156.0
margin_bottom = -46.0

[node name="Image" type="TextureButton" parent="Item3"]
material = SubResource( 3 )
margin_right = 132.0
margin_bottom = 128.0
rect_min_size = Vector2( 128, 128 )
focus_neighbour_left = NodePath("../../Item2/Image")
focus_neighbour_top = NodePath("../../Back")
focus_neighbour_right = NodePath("../../Item4/Image")
focus_neighbour_bottom = NodePath("../../Item7/Image")
focus_next = NodePath("../../Item4/Image")
focus_previous = NodePath("../../Item2/Image")
expand = true

[node name="Cost" type="HBoxContainer" parent="Item3"]
editor/display_folded = true
margin_top = 132.0
margin_right = 132.0
margin_bottom = 164.0

[node name="Amount" type="Label" parent="Item3/Cost"]
editor/display_folded = true
margin_top = 1.0
margin_right = 96.0
margin_bottom = 30.0
rect_min_size = Vector2( 96, 0 )
custom_fonts/font = ExtResource( 3 )
align = 2

[node name="Panel" type="Panel" parent="Item3/Cost/Amount"]
show_behind_parent = true
margin_top = -1.0
margin_right = 132.0
margin_bottom = 31.0

[node name="Currency" type="TextureRect" parent="Item3/Cost"]
margin_left = 100.0
margin_right = 132.0
margin_bottom = 32.0
texture = ExtResource( 4 )

[node name="Item4" type="VBoxContainer" parent="."]
editor/display_folded = true
anchor_left = 0.5
anchor_top = 0.5
anchor_right = 0.5
anchor_bottom = 0.5
margin_left = 190.0
margin_top = -210.0
margin_right = 322.0
margin_bottom = -46.0

[node name="Image" type="TextureButton" parent="Item4"]
material = SubResource( 4 )
margin_right = 132.0
margin_bottom = 128.0
rect_min_size = Vector2( 128, 128 )
focus_neighbour_left = NodePath("../../Item3/Image")
focus_neighbour_top = NodePath("../../Back")
focus_neighbour_right = NodePath("../../Item1/Image")
focus_neighbour_bottom = NodePath("../../Item8/Image")
focus_next = NodePath("../../Item5/Image")
focus_previous = NodePath("../../Item3/Image")
expand = true

[node name="Cost" type="HBoxContainer" parent="Item4"]
editor/display_folded = true
margin_top = 132.0
margin_right = 132.0
margin_bottom = 164.0

[node name="Amount" type="Label" parent="Item4/Cost"]
editor/display_folded = true
margin_top = 1.0
margin_right = 96.0
margin_bottom = 30.0
rect_min_size = Vector2( 96, 0 )
custom_fonts/font = ExtResource( 3 )
align = 2

[node name="Panel" type="Panel" parent="Item4/Cost/Amount"]
show_behind_parent = true
margin_top = -1.0
margin_right = 132.0
margin_bottom = 31.0

[node name="Currency" type="TextureRect" parent="Item4/Cost"]
margin_left = 100.0
margin_right = 132.0
margin_bottom = 32.0
texture = ExtResource( 4 )

[node name="Item5" type="VBoxContainer" parent="."]
editor/display_folded = true
anchor_left = 0.5
anchor_top = 0.5
anchor_right = 0.5
anchor_bottom = 0.5
margin_left = -322.0
margin_top = -10.0
margin_right = -190.0
margin_bottom = 154.0

[node name="Image" type="TextureButton" parent="Item5"]
material = SubResource( 5 )
margin_right = 132.0
margin_bottom = 128.0
rect_min_size = Vector2( 128, 128 )
focus_neighbour_left = NodePath("../../Item8/Image")
focus_neighbour_top = NodePath("../../Item1/Image")
focus_neighbour_right = NodePath("../../Item6/Image")
focus_neighbour_bottom = NodePath("../../Back")
focus_next = NodePath("../../Item6/Image")
focus_previous = NodePath("../../Item4/Image")
expand = true

[node name="Cost" type="HBoxContainer" parent="Item5"]
editor/display_folded = true
margin_top = 132.0
margin_right = 132.0
margin_bottom = 164.0

[node name="Amount" type="Label" parent="Item5/Cost"]
editor/display_folded = true
margin_top = 1.0
margin_right = 96.0
margin_bottom = 30.0
rect_min_size = Vector2( 96, 0 )
custom_fonts/font = ExtResource( 3 )
align = 2

[node name="Panel" type="Panel" parent="Item5/Cost/Amount"]
show_behind_parent = true
margin_top = -1.0
margin_right = 132.0
margin_bottom = 31.0

[node name="Currency" type="TextureRect" parent="Item5/Cost"]
margin_left = 100.0
margin_right = 132.0
margin_bottom = 32.0
texture = ExtResource( 4 )

[node name="Item6" type="VBoxContainer" parent="."]
editor/display_folded = true
anchor_left = 0.5
anchor_top = 0.5
anchor_right = 0.5
anchor_bottom = 0.5
margin_left = -156.0
margin_top = -10.0
margin_right = -24.0
margin_bottom = 154.0

[node name="Image" type="TextureButton" parent="Item6"]
material = SubResource( 6 )
margin_right = 132.0
margin_bottom = 128.0
rect_min_size = Vector2( 128, 128 )
focus_neighbour_left = NodePath("../../Item5/Image")
focus_neighbour_top = NodePath("../../Item2/Image")
focus_neighbour_right = NodePath("../../Item7/Image")
focus_neighbour_bottom = NodePath("../../Back")
focus_next = NodePath("../../Item7/Image")
focus_previous = NodePath("../../Item5/Image")
expand = true

[node name="Cost" type="HBoxContainer" parent="Item6"]
editor/display_folded = true
margin_top = 132.0
margin_right = 132.0
margin_bottom = 164.0

[node name="Amount" type="Label" parent="Item6/Cost"]
editor/display_folded = true
margin_top = 1.0
margin_right = 96.0
margin_bottom = 30.0
rect_min_size = Vector2( 96, 0 )
custom_fonts/font = ExtResource( 3 )
align = 2

[node name="Panel" type="Panel" parent="Item6/Cost/Amount"]
show_behind_parent = true
margin_top = -1.0
margin_right = 132.0
margin_bottom = 31.0

[node name="Currency" type="TextureRect" parent="Item6/Cost"]
margin_left = 100.0
margin_right = 132.0
margin_bottom = 32.0
texture = ExtResource( 4 )

[node name="Item7" type="VBoxContainer" parent="."]
editor/display_folded = true
anchor_left = 0.5
anchor_top = 0.5
anchor_right = 0.5
anchor_bottom = 0.5
margin_left = 24.0
margin_top = -10.0
margin_right = 156.0
margin_bottom = 154.0

[node name="Image" type="TextureButton" parent="Item7"]
material = SubResource( 7 )
margin_right = 132.0
margin_bottom = 128.0
rect_min_size = Vector2( 128, 128 )
focus_neighbour_left = NodePath("../../Item6/Image")
focus_neighbour_top = NodePath("../../Item3/Image")
focus_neighbour_right = NodePath("../../Item8/Image")
focus_neighbour_bottom = NodePath("../../Back")
focus_next = NodePath("../../Item8/Image")
focus_previous = NodePath("../../Item6/Image")
expand = true

[node name="Cost" type="HBoxContainer" parent="Item7"]
editor/display_folded = true
margin_top = 132.0
margin_right = 132.0
margin_bottom = 164.0

[node name="Amount" type="Label" parent="Item7/Cost"]
editor/display_folded = true
margin_top = 1.0
margin_right = 96.0
margin_bottom = 30.0
rect_min_size = Vector2( 96, 0 )
custom_fonts/font = ExtResource( 3 )
align = 2

[node name="Panel" type="Panel" parent="Item7/Cost/Amount"]
show_behind_parent = true
margin_top = -1.0
margin_right = 132.0
margin_bottom = 31.0

[node name="Currency" type="TextureRect" parent="Item7/Cost"]
margin_left = 100.0
margin_right = 132.0
margin_bottom = 32.0
texture = ExtResource( 4 )

[node name="Item8" type="VBoxContainer" parent="."]
editor/display_folded = true
anchor_left = 0.5
anchor_top = 0.5
anchor_right = 0.5
anchor_bottom = 0.5
margin_left = 190.0
margin_top = -10.0
margin_right = 322.0
margin_bottom = 154.0

[node name="Image" type="TextureButton" parent="Item8"]
material = SubResource( 8 )
margin_right = 132.0
margin_bottom = 128.0
rect_min_size = Vector2( 128, 128 )
focus_neighbour_left = NodePath("../../Item7/Image")
focus_neighbour_top = NodePath("../../Item4/Image")
focus_neighbour_right = NodePath("../../Item5/Image")
focus_neighbour_bottom = NodePath("../../Back")
focus_next = NodePath("../../Back")
focus_previous = NodePath("../../Item7/Image")
expand = true

[node name="Cost" type="HBoxContainer" parent="Item8"]
editor/display_folded = true
margin_top = 132.0
margin_right = 132.0
margin_bottom = 164.0

[node name="Amount" type="Label" parent="Item8/Cost"]
editor/display_folded = true
margin_top = 1.0
margin_right = 96.0
margin_bottom = 30.0
rect_min_size = Vector2( 96, 0 )
custom_fonts/font = ExtResource( 3 )
align = 2

[node name="Panel" type="Panel" parent="Item8/Cost/Amount"]
show_behind_parent = true
margin_top = -1.0
margin_right = 132.0
margin_bottom = 31.0

[node name="Currency" type="TextureRect" parent="Item8/Cost"]
margin_left = 100.0
margin_right = 132.0
margin_bottom = 32.0
texture = ExtResource( 4 )

[node name="Back" type="Button" parent="."]
anchor_left = 0.5
anchor_top = 0.5
anchor_right = 0.5
anchor_bottom = 0.5
margin_left = -23.0
margin_top = 208.0
margin_right = 22.0
margin_bottom = 241.0
focus_neighbour_left = NodePath("../Item4/Image")
focus_neighbour_top = NodePath("../Item6/Image")
focus_neighbour_right = NodePath("../Item6/Image")
focus_neighbour_bottom = NodePath("../Item2/Image")
focus_next = NodePath("../Item1/Image")
focus_previous = NodePath("../Item8/Image")
text = "MENU_LABEL_BACK"

[node name="Notification" type="AcceptDialog" parent="."]
margin_right = 53.0
margin_bottom = 86.0
window_title = ""
[connection signal="pressed" from="Back" to="." method="_on_Shop_Back_pressed"]
